@book{Collinson_2012,
  title     = {Introduction to avionics},
  publisher = {Springer Nature : Springer},
  author    = {Collinson, R.P.G.},
  year      = {2012}
} 
@book{Yost_2023,
  place       = {Moffett Field, California},
  journal     = {State-of-the-Art: Small Spacecraft Technology},
  institution = {National Aeronautics and Space Administration},
  author      = {Yost, Bruce},
  editor      = {Weston, SashaEditor},
  year        = {2023},
  pages       = {214â€“217}
} 